@article{DL,
author={Adam J. Richter and Michael Kerrisk},
year={2015},
title={{dlclose}, {dlopen}, {dlmopen} - open and close a shared object},
journal={The Linux man-pages project},
url={http://man7.org/linux/man-pages/man3/dlopen.3.html}
}

@article{INOTIFY,
author={Michael Kerrisk and Heinrich Schuchardt},
year={2014},
title={{inotify} - monitoring filesytem events},
journal={The Linux man-pages project},
url={http://man7.org/linux/man-pages/man7/inotify.7.html}
}

@article{DAZFTZ,
author={Shawn Casey},
year={2008},
title={x87 and {SSE} Floating Point Assists in {IA-32}: Flush-To-Zero ({FTZ}) and Denormals-Are-Zero ({DAZ})},
journal={Intel Software Developer Zone},
url={https://software.intel.com/en-us/articles/x87-and-sse-floating-point-assists-in-ia-32-flush-to-zero-ftz-and-denormals-are-zero-daz/}
}

@article{NEBULULLABY,
author={{Various Artists}},
year={2016},
title={Nebulullaby: An Interstellar Cloud Of Dust (digital release)},
journal={Nebularosa},
url={http://nebularosa.net/nebulullaby/}
}

@article{BELA,
author={{Augmented Instruments Laboratory}},
year={2017},
title={Bela},
journal={{C4DM}, Queen Mary University of London},
url={https://bela.io/}
}

@article{FRAG,
author={Mikael Hvidtfeldt Christensen},
year={2013},
title={Fragmentarium},
journal={Syntopia},
url={https://syntopia.github.io/Fragmentarium/}
}

